@article{caron2021emergingpropertiesselfsupervisedvision,
    language     = {english},
    author={Mathilde Caron and Hugo Touvron and Ishan Misra and Hervé Jégou and Julien Mairal and Piotr Bojanowski and Armand Joulin},
    title={Emerging Properties in Self-Supervised Vision Transformers}, 
    year={2021},
    url={https://arxiv.org/abs/2104.14294},    
    urldate      = {2025-05-18},
}